% Encoding: UTF-8

@InProceedings{Parmar2019,
  author       = {Parmar, Paritosh and Morris, Brendan},
  booktitle    = {2019 IEEE Winter Conference on Applications of Computer Vision (WACV)},
  title        = {Action quality assessment across multiple actions},
  year         = {2019},
  organization = {IEEE},
  pages        = {1468--1476},
  groups       = {动作评估},
}

@Article{Xu2019,
  author    = {Xu, Chengming and Fu, Yanwei and Zhang, Bing and Chen, Zitian and Jiang, Yu-Gang and Xue, Xiangyang},
  journal   = {IEEE Transactions on Circuits and Systems for Video Technology},
  title     = {Learning to score figure skating sport videos},
  year      = {2019},
  groups    = {动作评估},
  publisher = {IEEE},
}

@InProceedings{Parmar2017,
  author    = {Parmar, Paritosh and Tran Morris, Brendan},
  booktitle = {proceedings of the IEEE Conference on Computer Vision and Pattern Recognition Workshops},
  title     = {Learning to score olympic events},
  year      = {2017},
  pages     = {20--28},
  groups    = {动作评估},
}

@InProceedings{Tang2018,
  author    = {Tang, Taoran and Jia, Jia and Mao, Hanyang},
  booktitle = {Proceedings of the 26th ACM international conference on Multimedia},
  title     = {Dance with melody: An LSTM-autoencoder approach to music-oriented dance synthesis},
  year      = {2018},
  pages     = {1598--1606},
  groups    = {动作生成},
}

@Article{Li2020,
  author  = {Li, Jiaman and Yin, Yihang and Chu, Hang and Zhou, Yi and Wang, Tingwu and Fidler, Sanja and Li, Hao},
  journal = {arXiv preprint arXiv:2008.08171},
  title   = {Learning to Generate Diverse Dance Motions with Transformer},
  year    = {2020},
  groups  = {动作生成},
}

@Article{Zhuang2020,
  author  = {Zhuang, Wenlin and Wang, Congyi and Xia, Siyu and Chai, Jinxiang and Wang, Yangang},
  journal = {arXiv preprint arXiv:2002.03761},
  title   = {Music2Dance: Music-driven Dance Generation using WaveNet},
  year    = {2020},
  groups  = {动作生成},
}

@InProceedings{Bilen2016,
  author    = {Bilen, Hakan and Fernando, Basura and Gavves, Efstratios and Vedaldi, Andrea and Gould, Stephen},
  booktitle = {Proceedings of the IEEE Conference on Computer Vision and Pattern Recognition},
  title     = {Dynamic image networks for action recognition},
  year      = {2016},
  pages     = {3034--3042},
  groups    = {动作识别},
}

@Misc{He2016,
  author     = {Yun He and Soma Shirakabe and Yutaka Satoh and Hirokatsu Kataoka},
  title      = {Human Action Recognition without Human},
  year       = {2016},
  eprint     = {arXiv:1608.07876},
  groups     = {动作识别},
  priority   = {prio3},
  ranking    = {rank2},
  readstatus = {read},
}

@Article{Sigal2010,
  author    = {Sigal, Leonid and Balan, Alexandru O and Black, Michael J},
  journal   = {International journal of computer vision},
  title     = {Humaneva: Synchronized video and motion capture dataset and baseline algorithm for evaluation of articulated human motion},
  year      = {2010},
  number    = {1-2},
  pages     = {4},
  volume    = {87},
  groups    = {人体识别},
  publisher = {Springer},
}

@InProceedings{Ahad2011,
  author       = {Ahad, Md Atiqur Rahman and Tan, J and Kim, H and Ishikawa, S},
  booktitle    = {SICE Annual Conference 2011},
  title        = {Action dataset—a survey},
  year         = {2011},
  organization = {IEEE},
  pages        = {1650--1655},
  groups       = {数据集},
}

@InProceedings{Cao2010,
  author       = {Cao, Liangliang and Liu, Zicheng and Huang, Thomas S},
  booktitle    = {2010 IEEE Computer Society Conference on Computer Vision and Pattern Recognition},
  title        = {Cross-dataset action detection},
  year         = {2010},
  organization = {IEEE},
  pages        = {1998--2005},
  groups       = {数据集},
}

@InProceedings{Ge2019,
  author    = {Ge, Yuying and Zhang, Ruimao and Wang, Xiaogang and Tang, Xiaoou and Luo, Ping},
  booktitle = {Proceedings of the IEEE conference on computer vision and pattern recognition},
  title     = {Deepfashion2: A versatile benchmark for detection, pose estimation, segmentation and re-identification of clothing images},
  year      = {2019},
  pages     = {5337--5345},
  groups    = {数据集},
}

@InProceedings{Bloom2012,
  author       = {Bloom, Victoria and Makris, Dimitrios and Argyriou, Vasileios},
  booktitle    = {2012 IEEE Computer Society Conference on Computer Vision and Pattern Recognition Workshops},
  title        = {G3D: A gaming action dataset and real time action recognition evaluation framework},
  year         = {2012},
  organization = {IEEE},
  pages        = {7--12},
  groups       = {数据集},
}

@Article{Ionescu2013,
  author    = {Ionescu, Catalin and Papava, Dragos and Olaru, Vlad and Sminchisescu, Cristian},
  journal   = {IEEE transactions on pattern analysis and machine intelligence},
  title     = {Human3. 6m: Large scale datasets and predictive methods for 3d human sensing in natural environments},
  year      = {2013},
  number    = {7},
  pages     = {1325--1339},
  volume    = {36},
  groups    = {数据集},
  publisher = {IEEE},
}

@Article{Kay2017,
  author  = {Kay, Will and Carreira, Joao and Simonyan, Karen and Zhang, Brian and Hillier, Chloe and Vijayanarasimhan, Sudheendra and Viola, Fabio and Green, Tim and Back, Trevor and Natsev, Paul and others},
  journal = {arXiv preprint arXiv:1705.06950},
  title   = {The kinetics human action video dataset},
  year    = {2017},
  groups  = {数据集},
}

@InProceedings{VanderAa2011,
  author       = {Van der Aa, NP and Luo, Xinghan and Giezeman, Geert-Jan and Tan, Robby T and Veltkamp, Remco C},
  booktitle    = {2011 IEEE international conference on computer vision workshops (ICCV Workshops)},
  title        = {Umpm benchmark: A multi-person dataset with synchronized video and motion capture data for evaluation of articulated human motion and interaction},
  year         = {2011},
  organization = {IEEE},
  pages        = {1264--1269},
  groups       = {数据集},
}

@Article{AbuElHaija2016,
  author  = {Abu-El-Haija, Sami and Kothari, Nisarg and Lee, Joonseok and Natsev, Paul and Toderici, George and Varadarajan, Balakrishnan and Vijayanarasimhan, Sudheendra},
  journal = {arXiv preprint arXiv:1609.08675},
  title   = {Youtube-8m: A large-scale video classification benchmark},
  year    = {2016},
  groups  = {数据集},
}

@Article{汤泽胜2011单帧图像人体姿态估计综述,
  author  = {汤泽胜 and 王兆仲},
  journal = {计算机工程与科学},
  title   = {单帧图像人体姿态估计综述},
  year    = {2011},
  number  = {11},
  pages   = {89-97},
  volume  = {33},
  groups  = {人体识别},
}

@Comment{jabref-meta: databaseType:bibtex;}

@Comment{jabref-meta: grouping:
0 AllEntriesGroup:;
1 StaticGroup:动作评估\;0\;1\;0x8a8a8aff\;\;\;;
1 StaticGroup:动作生成\;0\;0\;0x8a8a8aff\;\;\;;
1 StaticGroup:动作识别\;0\;0\;0x8a8a8aff\;\;\;;
1 StaticGroup:人体识别\;0\;1\;0x8a8a8aff\;\;\;;
1 StaticGroup:数据集\;0\;1\;0x8a8a8aff\;\;\;;
}
